@book{Vakil_2022, 
    title = {The Rising Sea}, 
    subtitle = {Foundations of Algebraic Geometry}, 
    author = {Vakil, Ravi}, 
    year = {2022}, 
    url = {https://math.stanford.edu/~vakil/216blog/FOAGaug2922public.pdf}
}


@book{Hartshorne_2013, 
    title = {Algebraic geometry}, 
    author = {Hartshorne, Robin}, 
    publisher = {Springer}, 
    year = {2013},
    url = {https://link.springer.com/book/10.1007/978-1-4757-3849-0}
} 

@book{Silverman_Hindry_2013,
    title = {Diophantine Geometry},
    subtitle = {An Introduction},
    author = {Hindry, Marc and Silverman, Joseph H.},
    publisher = {Springer},
    year = {2013},
    url = {https://link.springer.com/book/10.1007/978-1-4612-1210-2}
}

@book{Neukirch_2013,
    title = {Algebraic Number Theorty},
    author = {Neukirch, J\"{u}rgen},
    publisher = {Springer},
    year = {2013},
    url = {https://link.springer.com/book/10.1007/978-3-662-03983-0}
}

@book{Lang_2013,
    title = {Fundamentals of Diophantine Geometry},
    author = {Lang, Serge},
    publisher = {Springer},
    year = {2013},
    url = {https://link.springer.com/book/10.1007/978-1-4757-1810-2}
}

@book{Vojta_2006,
    title = {Diophantine Approximations and Value Distribution Theory},
    author = {Vojta, Paul},
    publisher = {Springer},
    year = {2006},
    url = {https://link.springer.com/book/10.1007/BFb0072989}
}

@book{Eisenbud_2013,
    author = {Eisenbud, David},
    title = {Commutative Algebra},
    subtitle = {with a View Towards Algebraic Geometry},
    publisher = {Springer},
    year = {2013},
    url = {https://link.springer.com/book/10.1007/978-1-4612-5350-1}
}

@book{Matsumura_1970,
    author = {Matsumura, Hideyuki},
    title = {Commutative Algebra},
    publisher = {W. A. Benjamin Advanced Bk Program},
    year = {1970}
}

@article{BCZ_2002,
    title = {An upper bound for the G.C.D. of $a^n - 1$ and $b^n - 1$},
    author = {Bugeud, Yann and Corvaja, Pietro and Zannier, Umberto},
    publisher = {Springer-Verlag},
    year = {2002}
}

@article{Silverman_2004,
    title = {Generalized Greatest Common Divisors, Divisibility Sequences, and Vojta's Conjecture for Blowups}, 
    author = {Silverman, Joseph H.},
    year = {2004},
    eprint = {math/0407415},
    archivePrefix = {arXiv},
    primaryClass = {math.NT}
}

@article{McKinnon_2003,
    author = {McKinnon, David},
    journal = {Proceedings of the American Mathematical Society},
    number = {1},
    pages = {1--12},
    publisher = {American Mathematical Society},
    title = {Vojta's Main Conjecture for Blowup Surfaces},
    volume = {131},
    year = {2003}
}

@article{Schlickewei_1977,
    author = {Schlickewei, H. P.},
    title = {The $\Fp$-adic Thue-Siegel-Roth-Schmidt Theorem},
    journal = {Arch. Math.},
    year = {1977},
    volume = {29},
    pages = {267 -- 270}
}